@misc{lopez2013,
  author       = {Lopez Research},
  howpublished = "\url{https://www.readkong.com/page/an-introduction-to-the-internet-of-things-iot-7324707}",
  title        = {An Introduction to the Internet of Things (IoT)},
  year         = {2013},
  note         = {[Accessed 03-October-2022]}
}
@article{thies2006,
  author          = {Thiesse, Frederic and Michahelles, Florian},
  journal         = {Sensor Review},
  number          = {02},
  title           = {An overview of EPC technology},
  volume          = {26},
  pages           = {101--105},
  year            = {2006},
  doi             = {10.1108/02602280610652677}
}
@inproceedings{miao2010,  
  author              = {Miao Wu, Ting-Jie Lu, Fei-Yang Ling, Jing Sun and Hui-Ying Du},
  booktitle           = {2010 3rd International Conference on Advanced Computer Theory and Engineering(ICACTE)},
  title               = {Research on the architecture of Internet of Things},
  year                = {2010},
  volume              = {5},
  number              = {},
  pages               = {V5-484-V5-487},
  doi                 = {10.1109/ICACTE.2010.5579493}
}